@misc{spamemail2023,
    author    = {Spam email Classification Dataset},
    title     = {Spam email Classification Dataset},
    year      = {2023},
    month     = {nov},
    note      = {\url{https://www.kaggle.com/datasets/purusinghvi/email-spam-classification-dataset/data}},
    howpublished = {Kaggle dataset}
}

@article{jamal2024,
    author    = {Jamal, S. and Wimmer, H. and Sarker, I. H.},
    title     = {An improved transformer-based model for detecting phishing, spam and ham emails: A large language model approach},
    journal   = {Security and Privacy},
    year      = {2024},
    volume    = {7},
    number    = {5},
    doi       = {10.1002/spy2.402},
    url       = {https://doi.org/10.1002/spy2.402}
}

@article{brown2020,
    author    = {Brown, T. B. and Mann, B. and Ryder, N. and Subbiah, M. and Kaplan, J. and Dhariwal, P. and Neelakantan, A. and Shyam, P. and Sastry, G. and Askell, A. and Agarwal, S.},
    title     = {Language models are few-shot learners},
    journal   = {arXiv preprint arXiv:2005.14165},
    year      = {2020},
    month     = {jun},
    note      = {arXiv:2005.14165},
    url       = {https://arxiv.org/abs/2005.14165}
}

@incollection{paass2022,
    author    = {Paa√ü, G. and Giesselbach, S.},
    title     = {Pre-trained language models},
    booktitle = {Foundation Models for Natural Language Processing},
    year      = {2022},
    pages     = {19-78},
    publisher = {Springer},
    doi       = {10.1007/978-3-031-23190-2_2},
    url       = {https://doi.org/10.1007/978-3-031-23190-2_2}
}
